@misc{charmfi-doc,
  author       = {{CharmFi}},
  title        = {{Alpha Vaults whitepaper}},
  year         = {2021},
  howpublished = {\url{https://learn.charm.fi/charm/products-overview/alpha-vaults/whitepaper}},
  note         = {Accessed: 2024-11-20},
}
@misc{osmosis-supercharged-doc,
  author       = {{Osmosis}},
  title        = {{Concentrated Liquidity module documentation}},
  howpublished = {\url{https://docs.osmosis.zone/osmosis-core/modules/concentrated-liquidity}},
  note         = {Accessed: 2024-11-20},
}
@misc{osmosis-price-function,
  author       = {{Osmosis}},
  title        = {{Geometric Tick Spacing with Additive Ranges documentation}},
  howpublished = {\url{https://docs.osmosis.zone/osmosis-core/modules/concentrated-liquidity/#geometric-tick-spacing-with-additive-ranges}},
  note         = {Accessed: 2024-11-20},
}
@misc{uniswapv3,
  author       = {Hayden Adams and others},
  title        = {Uniswap v3 core},
  year         = {March 2021},
  howpublished = {\url{https://app.uniswap.org/whitepaper-v3.pdf}},
  note         = {Accessed: 2024-11-20}
}
@misc{charmfi-liquidity-computation,
  title        = {Charmfi liquidity computation},
  year         = {2021},
  howpublished = {\url{https://github.com/charmfinance/alpha-vaults-v2-contracts/blob/main/contracts/AlphaProVault.sol#L420}},
  note         = {Accessed: 2024-11-20}
}
